@article{MeGr11,
author = {Mell, P and Grance, T.},
title = {The NIST Definition of Cloud Computing},
publisher = {National Institute of Standards and Technology},
year = {2011},
address = {Gaithersburg},
}

@techreport{GartnerMagicQuadrantSep2013,
author = {L. Leong and D. Toombs and B. Gill and G. Petri and T. Haynes},
title = {Magic Quadrant for Cloud Infrastructure as a Service},
institution = {Gartner},
year = {2013},
month = aug,
address = {Gaithersburg}
}

@article{Mu04, 
author = {Murch R.}, 
title = { Autonomic Computing}, 
publisher = {IBM Press}, 
year = 2004,
} 

@inproceedings{BuRaCa10, 
author = {Buyya, R. and Ranjan, R. and Calheiros, R.}, 
title = { InterCloud: Scaling of Applications across multiple Cloud Computing Environments}, 
year = 2010, 
} 

@article{BuYeVeBrBr09,
author = {Buyyaa, R and Yeoa, C. and Venugopala, S. and Broberga, J. and Brandicc, I. },
title = {Cloud computing and emerging IT platforms: Vision, hype, and reality for delivering computing as the 5th utility},
journal = {Future Generation Computer Systems},
year = {2009},
volume = {25},
}
